%% This BibTeX bibliography file was created using BibDesk.
%% http://bibdesk.sourceforge.net/


%% Created for Thomas Grivaz at 2016-05-24 09:23:46 +0200 


%% Saved with string encoding Unicode (UTF-8) 



@article{kirkpatrick,
	Author = {S. Kirkpatrick},
	Date-Added = {2016-05-24 07:22:01 +0000},
	Date-Modified = {2016-05-24 07:23:26 +0000},
	Journal = {J. Stat. Phys. },
	Pages = {975-986},
	Title = {Optimization by Simulated Annealing - Quantitative Studies},
	Volume = { 34},
	Year = {1984}}
